<record><leader>00000cas a22000007a 4500</leader><controlfield tag="001">36553741</controlfield><controlfield tag="008">970314d18uu1895azuwr ne      0    0eng d</controlfield><datafield ind1=" " ind2=" " tag="010"><subfield code="a">sn 97060104 </subfield></datafield><datafield ind1=" " ind2=" " tag="040"><subfield code="a">ANN</subfield><subfield code="b">eng</subfield><subfield code="c">ANN</subfield><subfield code="d">OCL</subfield><subfield code="d">ANN</subfield><subfield code="d">OCLCQ</subfield><subfield code="d">OCLCO</subfield></datafield><datafield ind1="1" ind2=" " tag="029"><subfield code="a">AU@</subfield><subfield code="b">000013142350</subfield></datafield><datafield ind1=" " ind2=" " tag="042"><subfield code="a">msc</subfield></datafield><datafield ind1=" " ind2=" " tag="043"><subfield code="a">n-us-az</subfield></datafield><datafield ind1="0" ind2=" " tag="130"><subfield code="a">Arizona weekly gazette (Phoenix, Ariz. : 1892)</subfield></datafield><datafield ind1="1" ind2="0" tag="245"><subfield code="a">Arizona weekly gazette.</subfield></datafield><datafield ind1="1" ind2="3" tag="246"><subfield code="a">Arizona gazette</subfield></datafield><datafield ind1=" " ind2=" " tag="260"><subfield code="a">Phoenix, Ariz. :</subfield><subfield code="b">Gazette Pub. Co.</subfield></datafield><datafield ind1=" " ind2=" " tag="300"><subfield code="a">v.</subfield></datafield><datafield ind1=" " ind2=" " tag="310"><subfield code="a">Weekly</subfield></datafield><datafield ind1="1" ind2=" " tag="362"><subfield code="a">Ceased 1895.</subfield></datafield><datafield ind1=" " ind2=" " tag="580"><subfield code="a">Merged with: Saturday review (Phoenix, Ariz. : 1894), to form: Arizona stock journal.</subfield></datafield><datafield ind1=" " ind2=" " tag="588"><subfield code="a">Description based on: Vol. 15, no. 2 (Jan. 7, 1892).</subfield></datafield><datafield ind1=" " ind2="0" tag="651"><subfield code="a">Phoenix (Ariz.)</subfield><subfield code="v">Newspapers.</subfield></datafield><datafield ind1=" " ind2="0" tag="651"><subfield code="a">Maricopa Count (Ariz.)</subfield><subfield code="v">Newspapers.</subfield></datafield><datafield ind1=" " ind2=" " tag="752"><subfield code="a">United States</subfield><subfield code="b">Arizona</subfield><subfield code="c">Maricopa</subfield><subfield code="d">Phoenix.</subfield></datafield><datafield ind1="0" ind2=" " tag="775"><subfield code="t">Arizona gazette (Phoenix, Ariz. : 1895 : Daily)</subfield><subfield code="w">(DLC)sn 85032940</subfield><subfield code="w">(OCoLC)12956682</subfield></datafield><datafield ind1="0" ind2="0" tag="780"><subfield code="t">Arizona gazette (Phoenix, Ariz. : 1880 : Weekly)</subfield><subfield code="w">(DLC)sn 97060102</subfield><subfield code="w">(OCoLC)36553749</subfield></datafield><datafield ind1="1" ind2="7" tag="785"><subfield code="t">Saturday review (Phoenix, Ariz. : 1894)</subfield><subfield code="w">(DLC)sn 96060887</subfield><subfield code="w">(OCoLC)35721816</subfield></datafield><datafield ind1="1" ind2="7" tag="785"><subfield code="t">Arizona stock journal</subfield><subfield code="w">(DLC)sn 96060625</subfield><subfield code="w">(OCoLC)37558502</subfield></datafield></record>